@article{Collins:1998rz,
      author         = "Collins, John C.",
      title          = "{Hard scattering factorization with heavy quarks: A
                        General treatment}",
      journal        = "Phys. Rev.",
      volume         = "D58",
      year           = "1998",
      pages          = "094002",
      doi            = "10.1103/PhysRevD.58.094002",
      eprint         = "hep-ph/9806259",
      archivePrefix  = "arXiv",
      primaryClass   = "hep-ph",
      reportNumber   = "PSU-TH-198",
      SLACcitation   = "%%CITATION = HEP-PH/9806259;%%"
}